%Adler
@book{1,
	author={Jörg Schwenk},
	title={Sicherheit und Kryptographie im Internet},
	publisher={Springer 4.Auflage},
	year={2014}
}
%Adler
@book{2,
	author={Albert Beutelspacher, Heike B. Neumann, Thomas Schwarzpaul},
	title={Kryptografie in Theorie und Praxis},
	publisher={Vieweg 1.Auflage},
	year={2005}
}
%Adler
@book{3,
	author={Stephan Spitz, Michael Pramateftakis, Joachim Swoboda},
	title={Kryptografie und IT-Sicherheit},
	publisher={Vieweg 2.Auflage},
	year={2011}
}
%Adler
@book{4,
	author={Andrew S. Tanenbaum, Maarten van Steen},
	title={Verteilte Systeme},
	publisher={Pearson 2.Auflage},
	year={2008}
}
%Adler, Karic
@book{5,
	author={Ralf Küsters, Thomas Wilke},
	title={Moderne Kryptographie},
	publisher={Vieweg 1.Auflage},
	year={2011}
}
%Adler
@book{6,
	author={Lars Packschies},
	title={Praktische Kryptographie unter Linux},
	publisher={München: Open Source Press},
	year={2005}
}
%Adler
@book{7,
	author={Albrecht Beutelspacher},
	title={Kryptologie},
	publisher={Springer},
	year={2015}
}
%Adler
@book{8,
	author={Dipl.-Ing. Thomas Toth},
	title={Improving Intrusion Detection Systems},
	year={2003}
}
%Adler, Karic
@book{9,
	author={Ali A. Ghorbani, Wei Lu, Mahbod Tavallaee},
	title={Network Intrusion Detection and Prevention},
	publisher={Springer},
	year={2010}
}
%Karic
@book{10,
	author={Wolfgang Ertel},
	title={Angewandte Kryptographie},
	publisher={Hanser 4.Auflage},
	year={2012}
}
%Karic
@book{11,
	author={Dietmar Wätjen},
	title={Kryptographie: Grundlagen, Algorithmen, Protokolle},
	publisher={Spektrum 2.Auflage},
	year={2008}
}