@book{1,
	author={Wolfgang Ertel},
	title={Angewandte Kryptographie},
	publisher={Hanser 4.Auflage},
	year={2012}
}

@book{2,
	author={Dietmar Wätjen},
	title={Kryptographie: Grundlagen, Algorithmen, Protokolle},
	publisher={Spektrum 2.Auflage},
	year={2008}
}

@book{3,
	author={Ralf Küsters, Thomas Wilke},
	title={Moderne Kryptographie},
	publisher={Vieweg 1.Auflage},
	year={2011}
}

@book{4,
	author={Ali A. Ghorbani, Wei Lu, Mahbod Tavallaee},
	title={Network Intrusion Detection and Prevention},
	publisher={Springer 1.Auflage},
	year={2010}
}